%----------------------------------------------------------------------------------------
%	Articles, Papers ...
%----------------------------------------------------------------------------------------
@article{Repschlager2010,
    author 	= {Repschl{\"{a}}ger, Jonas and Pannicke, Danny and Zarnekow, R{\"{u}}diger},
    doi 	= {10.1007/bf03340507},
    issn 	= {1436-3011},
    journal 	= {HMD Praxis der Wirtschaftsinformatik},
    number	= {5},
    pages 	= {6--15},
    title 	= {{Cloud Computing: Definitionen, Gesch{\"{a}}ftsmodelle und Entwicklungspotenziale}},
    volume = {47},
    year 	= {2010}
}

@techreport{Mell2011,
    address		= {Gaithersburg, MD},
    author 		= {Mell, P M and Grance, T},
    doi		= {10.6028/NIST.SP.800-145},
    institution 	= {National Institute of Standards and Technology},
    title 		= {{The NIST definition of cloud computing}},
    url 		= {https://nvlpubs.nist.gov/nistpubs/Legacy/SP/nistspecialpublication800-145.pdf},
    year 		= {2011}
}

@article{Alzahrani2014,
    author 		= {Alzahrani, Ahmed and Alalwan, Nasser and Sarrab, Mohamed},
    doi 		= {10.1145/2590651.2590670},
    isbn 		= {9781450324359},
    journal 		= {ACM International Conference Proceeding Series},
    keywords 	= {Cloud computing,Mobile,Mobile cloud computing},
    pages 		= {4--7},
    title 		= {{Mobile cloud computing: Advantage, disadvantage and open challenge}},
    year 		= {2014}
}

@inproceedings{Garbacki2007,
    author 		= {Garbacki, Pawel and Naik, Vijay K.},
    booktitle 	= {2007 10th IFIP/IEEE International Symposium on Integrated Network Management},
    doi 		= {10.1109/INM.2007.374768},
    isbn 		= {1-4244-0798-2},
    month 		= {may},
    pages 		= {40--49},
    publisher 	= {IEEE},
    title 		= {{Efficient Resource Virtualization and Sharing Strategies for Heterogeneous Grid Environments}},
    url 		= {http://ieeexplore.ieee.org/document/4258520/},
    year 		= {2007}
}

@article{Blenk2016,
    archivePrefix 	= {arXiv},
    arxivId 			= {1506.07275},
    author 			= {Blenk, Andreas and Basta, Arsany and Reisslein, Martin and Kellerer, Wolfgang},
    doi 			= {10.1109/COMST.2015.2489183},
    eprint 			= {1506.07275},
    issn 			= {1553877X},
    journal 			= {IEEE Communications Surveys and Tutorials},
    keywords 		= {Centralized hypervisor,Distributed hypervisor,Multi-tenancy,Network attribute abstraction,Network attribute isolation,Network virtualization,Software defined networking},
    number 		= {1},
    pages 			= {655--685},
    publisher 		= {IEEE},
    title 			= {{Survey on network virtualization hypervisors for software defined networking}},
    volume 			= {18},
    year 			= {2016}
}

@incollection{Marinescu2018,
    address 	= {Cambridge},
    author 		= {Marinescu, Dan C.},
    booktitle 	= {Cloud Computing},
    chapter 	= {Cloud Reso},
    doi 		= {10.1016/b978-0-12-812810-7.00013-3},
    edition 		= {Second},
    pages 		= {365--402},
    publisher 	= {Elsevier},
    title 		= {{Cloud Resource Virtualization}},
    url 		= {https://linkinghub.elsevier.com/retrieve/pii/B978012812810700011X},
    year 		= {2018}
}

@article{Popek1974,
    author 	= {Popek, Gerald J. and Goldberg, Robert P.},
    doi 	= {10.1145/361011.361073},
    issn 	= {0001-0782},
    journal 	= {Communications of the ACM},
    month 	= {jul},
    number	= {7},
    pages 	= {412--421},
    title 	= {{Formal requirements for virtualizable third generation architectures}},
    url 	= {https://dl.acm.org/doi/10.1145/361011.361073},
    volume 	= {17},
    year 	= {1974}
}

@inproceedings{Binu2011,
    address 	= {Kochi, India},
    author 		= {Binu, A. and Kumar, G. Santhosh},
    booktitle	= {Advances in Computing and Communications},
    doi 		= {10.1007/978-3-642-22709-7_40},
    pages 		= {399--410},
    publisher 	= {Springer},
    title 		= {{Virtualization Techniques: A Methodical Review of XEN and KVM}},
    url 		= {http://link.springer.com/10.1007/978-3-642-22709-7{\_}40},
    year 		= {2011}
}

@book{Marwedel2018,
    address 	= {Cham},
    author 		= {Marwedel, Peter},
    doi 		= {10.1007/978-3-319-56045-8},
    edition 		= {Thrid},
    isbn 		= {978-3-319-56043-4},
    pages		= {1--25},
    publisher 	= {Springer International Publishing},
    series 		= {Embedded Systems},
    title		= {{Embedded Systems Foundations of Cyber-Physical Systems}},
    url 		= {http://link.springer.com/10.1007/978-3-319-56045-8{\_}1 http://link.springer.com/10.1007/978-3-319-56045-8},
    year 		= {2018}
}

@article{Lee2007,
    author 	= {Lee, Edward A.},
    journal 	= {Electrical Engineering},
    number	= {UCB/EECS-2007-72},
    pages 	= {1--27},
    title 	= {{Computing Foundations and Practice for Cyber- Physical Systems : A Preliminary Report}},
    url 	= {http://www.eecs.berkeley.edu/Pubs/TechRpts/2007/EECS-2007-72.pdf},
    year 	= {2007}
}

@article{McCalpin1995,
    author 	= {McCalpin, John D},
    journal 	= {IEEE Computer Society Technical Committee on Computer Architecture (TCCA) Newsletter},
    number	= {May},
    pages 	= {19--25},
    title 	= {{Memory Bandwidth and Machine Balance in Current High Performance Computers}},
    year 	= {1995}
}

@article{Tesfatsion2018,
    author	= {Tesfatsion, Selome Kostentinos and Klein, Cristian and Tordsson, Johan},
    doi 	= {10.1145/3184407.3184414},
    isbn 	= {9781450350952},
    journal 	= {ICPE 2018 - Proceedings of the 2018 ACM/SPEC International Conference on Performance Engineering},
    pages 	= {145--156},
    title 	= {{Virtualization techniques compared: Performance, resource, and power usage overheads in clouds}},
    volume	= {2018-March},
    year 	= {2018}
}

@article{Vedam2012,
    author 		= {Vedam, Venu and Vemulapati, Jayanti},
    doi 		= {10.1109/COMPSAC.2012.61},
    isbn 		= {9780769547367},
    issn 		= {07303157},
    journal 		= {Proceedings - International Computer Software and Applications Conference},
    keywords 	= {CPU,Cloud benchmarking,Cloud characteristics,Disk I/O,Memory},
    pages 		= {416--421},
    publisher 	= {IEEE},
    title 		= {{Demystifying cloud benchmarking paradigm, An in depth view}},
    year 		= {2012}
}

@article{Kang2017,
    author 		= {Kang, Mikyung and Kang, Dong In and Walters, John Paul and Crago, Stephen P.},
    doi 		= {10.1109/CLOUD.2017.47},
    isbn 		= {9781538619933},
    issn 		= {21596190},
    journal 		= {IEEE International Conference on Cloud Computing, CLOUD},
    keywords 	= {AWS,Chameleon,Cloud,OpenStack,PerfKitBenchmarker,benchmarking,performance},
    pages 		= {310--317},
    title 		= {{A Comparison of System Performance on a Private OpenStack Cloud and Amazon EC2}},
    volume 		= {2017-June},
    year		= {2017}
}

@article{Kominos2017,
    author 		= {Kominos, Charalampos Gavriil and Seyvet, Nicolas and Vandikas, Konstantinos},
    doi 		= {10.1109/ICIN.2017.7899247},
    isbn 		= {9781509036721},
    journal 		= {Proceedings of the 2017 20th Conference on Innovations in Clouds, Internet and Networks, ICIN 2017},
    pages 		= {36--43},
    publisher 	= {IEEE},
    title 		= {{Bare-metal, virtual machines and containers in OpenStack}},
    year 		= {2017}
}

@article{Gillam2013,
    author 	= {Gillam, Lee and Li, Bin and O'Loughlin, John and Tomar, Anuz Pratap Singh},
    doi 	= {10.1186/2192-113X-2-6},
    issn 	= {2192113X},
    journal 	= {Journal of Cloud Computing},
    number	= {1},
    title 	= {{Fair benchmarking for cloud computing systems}},
    volume	= {2},
    year 	= {2013}
}

@article{Hallmans2015,
    author 		= {Hallmans, Daniel and Sandstrom, Kristian and Nolte, Thomas and Larsson, Stig},
    doi 		= {10.1109/INDIN.2015.7281777},
    isbn 		= {9781479966493},
    journal 		= {Proceeding - 2015 IEEE International Conference on Industrial Informatics, INDIN 2015},
    keywords 	= {Embedded systems,challenges,cloud computing,had real-time,opportunities,soft real-time},
    pages 		= {454--459},
    publisher 	= {IEEE},
    title 		= {{Challenges and opportunities when introducing cloud computing into embedded systems}},
    year 		= {2015}
}

@article{Weber2020,
    author 		= {Weber, Philipp and Weiss, Philipp and Reinhardt, Dominik and Steinhorst, Sebastian},
    doi 		= {10.1109/DSD51259.2020.00078},
    isbn 		= {9781728195353},
    journal 		= {Proceedings - Euromicro Conference on Digital System Design, DSD 2020},
    keywords 	= {Elastic Application Reallocation,Energy Optimization,Hybrid Cloud Computing},
    pages 		= {455--462},
    title 		= {{Energy-Optimized Elastic Application Distribution for Automotive Systems in Hybrid Cloud Architectures}},
    year 		= {2020}
}

@InProceedings{Zerfowski2019,
    author		= {Zerfowski, Detlef and Lock, Andreas},
    editor		= {Bargende, Michael and Reuss, Hans-Christian and Wagner, Andreas and Wiedemann, Jochen},
    title		= {Functional architecture and E/E-Architecture -- A challenge for the automotive industry},
    booktitle	= {19. Internationales Stuttgarter Symposium},
    year		= {2019},
    publisher	= {Springer Fachmedien Wiesbaden},
    address		= {Wiesbaden},
    pages		= {909--920},
    isbn		= {978-3-658-25939-6},
    doi		= {10.1007/978-3-658-25939-6_70}
}



%----------------------------------------------------------------------------------------
%	Websites
%----------------------------------------------------------------------------------------
@misc{Nerdio2016,
    author 	= {{Nerdio}},
    title 	= {20 Cloud Computing Quotes You Can't Miss},
    year 	= {2016},
    note 	= {[Online; accessed January, 2021]},
    url		= {https://www.slideshare.net/Nerdio/20-cloud-computing-quotes-you-cant-miss}
}

@misc{Holst2020,
    author 	= {Holst, Arne},
    title 	= {{Public IT cloud services market revenue worldwide from 2016 to 2019}},
    url 	= {https://www-statista-com.thi.idm.oclc.org/statistics/370305/global-public-it-cloud-services-spending-by-segment/},
    note 	= {[Online; accessed November, 2020]},
    year 	= {2020}
}

@misc{KPMG2020,
    author 	= {KPMG},
    title 	= {{Usage of cloud computing in companies in Germany from 2011 to 2019}},
    url 	= {https://www-statista-com.thi.idm.oclc.org/statistics/459998/usage-of-cloud-computing-by-companies-in-germany/},
    note 	= {[Online; accessed January, 2021]},
    year 	= {2020}
}

@misc{Amazon2020,
    author 	= {Amazon},
    title 	= {{What is cloud computing?}},
    url 	= {https://aws.amazon.com/what-is-cloud-computing/?nc1=f{\_}cc},
    note 	= {[Online; accessed November, 2020]},
    year 	= {2020}
}

@misc{OpenStackH2018,
    author 	= {OpenStack},
    title 	= {{Introduction: A Bit of OpenStack History}},
    url 	= {https://docs.openstack.org/project-team-guide/introduction.html},
    note 	= {[Online; accessed January, 2021]},
    year 	= {2018}
}

@misc{OpenStackL2020,
    author 	= {OpenStack},
    title 	= {{The OpenStack Landscape}},
    url 	= {https://www.openstack.org/software/},
    note 	= {[Online; accessed January, 2021]},
    year 	= {2020}
}

@misc{OpenStackNSA2019,
    author 	= {OpenStack},
    title 	= {{Nova System Architecture}},
    url 	= {https://docs.openstack.org/nova/victoria/user/architecture.html},
    note 	= {[Online; accessed January, 2021]},
    year 	= {2019}
}

@misc{Yocto2021,
    author 	= {{Yocto Project}},
    title 	= {{The Yocto Project}},
    url 	= {https://www.yoctoproject.org},
    note 	= {[Online; accessed January, 2021]},
    year	= {2021}
}

@misc{Tnx942412020,
    author 	= {Tnx94241},
    title 	= {{Run Ubuntu 18 on the R-Car Starter Kit}},
    url 	= {https://elinux.org/R-Car/Ubuntu},
    note 	= {[Online; accessed January, 2021]},
    year 	= {2020}
}

@misc{Arm2021,
    author 	= {Arm},
    title 	= {{Trusted Firmware Open Governance Project}},
    url 	= {https://developer.arm.com/tools-and-software/open-source-software/firmware/trusted-firmware},
    note 	= {[Online; accessed January, 2021]},
    year 	= {2021}
}

@misc{OpenStackMNL2020,
    author 	= {OpenStack},
    title 	= {{Multi-Node Lab}},
    url 	= {https://docs.openstack.org/devstack/victoria/guides/multinode-lab.html},
    note 	= {[Online; accessed January, 2021]},
    year 	= {2020}
}

@misc{RussianNeuroMancer2019,
    author 	= {RussianNeuroMancer},
    title 	= {{"kvm{\_}init{\_}vcpu failed: Invalid argument" error on ARM big.LITTLE boards}},
    url 	= {https://bugs.launchpad.net/ubuntu/+source/libvirt/+bug/1832395},
    note 	= {[Online; accessed January, 2021]},
    year 	= {2019}
}

@misc{OpenStackHTG2016,
    author 	= {OpenStack},
    title 	= {{Hypervisor Tuning Guide}},
    url 	= {https://wiki.openstack.org/wiki/Documentation/HypervisorTuningGuide},
    note 	= {[Online; accessed January, 2021]},
    year 	= {2016}
}

@misc{UnixArena2015,
    author 	= {R Lingeswaran (UnixArena},
    title 	= {{OpenStack Architecture and components overview}},
    url 	= {https://www.unixarena.com/2015/08/openstack-architecture-and-components-overview.html/},
    note 	= {[Online; accessed January, 2021]},
    year 	= {2015}
}

@misc{OpenStack2021,
    author 	= {OpenStack Foundation},
    title 	= {{OpenStack Documentation}},
    url 	= {https://docs.openstack.org/victoria/},
    note 	= {[Online; accessed January, 2021]},
    year 	= {2021}
}

@misc{NXP2021,
    author 	= {NXP Semiconductors N.V.},
    title 	= {{Layerscape® LX2160A Processor}},
    url 	= {https://www.nxp.com/products/processors-and-microcontrollers/arm-processors/layerscape-processors/layerscape-lx2160a-processor:LX2160A},
    note 	= {[Online; accessed January, 2021]},
    year 	= {2021}
}



%----------------------------------------------------------------------------------------
%	Software
%----------------------------------------------------------------------------------------
@software{Malinowski2021,
    author		= {Malinowski, Max},
    title   		= {{Evaluation of OpenStack as Middleware for Automotive Embedded Systems}},
    year		= {2021},
    publisher	= {Zenodo}, 
    version      	= {v0.1},
    doi 		= {10.5281/zenodo.4478425},
    url  		= {https://doi.org/10.5281/zenodo.4478425}
}



%----------------------------------------------------------------------------------------
%	Bilder
%----------------------------------------------------------------------------------------
@misc{Bosch2020,
    author 	= {{Robert Bosch GmbH}},
    title 	= {Bosch is actively shaping the transformation in automotive electronics},
    year 	= {2020},
    note 	= {[Online; accessed January, 2021]},
    url 	= {https://www.bosch-presse.de/pressportal/de/en/bosch-is-actively-shaping-the-transformation-in-automotive-electronics-222214.html}
}

@misc{Drawingdatabase2020,
    author 	= {{Drawingdatabase}},
    title 	= {BMW 5 Series Limousine G30 2020 Blueprint},
    note 	= {[Online; accessed January, 2021]},
    url 	= {https://drawingdatabase.com/bmw-5-series-limousine-g30-2020/}
}

@misc{THI2021,
    author 	= {{Technische Hochschule Ingolstadt}},
    title 	= {THI Logo},
    note 	= {[Online; accessed January, 2021]},
    url		= {https://www.thi.de/fileadmin/daten/allgemein/Inhalte_von_alter_Website/thi_logo_wb_CMYK.eps}
}

@misc{BMW2021,
    author 	= {{BMW Goup}},
    title 	= {What does the BMW logo mean?},
    year 	= {2020},
    note 	= {[Online; accessed January, 2021]},
    url		= {https://www.bmw.com/en/automotive-life/bmw-logo-meaning-history1.html}
}